<record><leader>00000cas a2200000 a 4500</leader><controlfield tag="001">8766344</controlfield><controlfield tag="008">820911d18551868ctudn ne      0    0eng  </controlfield><datafield ind1=" " ind2=" " tag="010"><subfield code="a">sn 82006778 </subfield></datafield><datafield ind1=" " ind2=" " tag="040"><subfield code="a">DLC</subfield><subfield code="b">eng</subfield><subfield code="c">DLC</subfield><subfield code="d">NPX</subfield><subfield code="d">DLC</subfield><subfield code="d">CNW</subfield><subfield code="d">CNK</subfield><subfield code="d">CNW</subfield><subfield code="d">OCL</subfield><subfield code="d">DLC</subfield><subfield code="d">CNW</subfield><subfield code="d">DLC</subfield><subfield code="d">OCLCQ</subfield><subfield code="d">OCLCA</subfield><subfield code="d">OCLCF</subfield></datafield><datafield ind1="1" ind2=" " tag="029"><subfield code="a">AU@</subfield><subfield code="b">000020224872</subfield></datafield><datafield ind1=" " ind2=" " tag="042"><subfield code="a">pcc</subfield></datafield><datafield ind1=" " ind2=" " tag="043"><subfield code="a">n-us-ct</subfield></datafield><datafield ind1="0" ind2="0" tag="050"><subfield code="a">Newspaper</subfield></datafield><datafield ind1="0" ind2="0" tag="245"><subfield code="a">New-London daily star.</subfield></datafield><datafield ind1=" " ind2=" " tag="260"><subfield code="a">New London, Conn. :</subfield><subfield code="b">D.S. Ruddock,</subfield><subfield code="c">1855-1868.</subfield></datafield><datafield ind1=" " ind2=" " tag="300"><subfield code="a">15 v.</subfield></datafield><datafield ind1=" " ind2=" " tag="310"><subfield code="a">Daily (except Sunday)</subfield></datafield><datafield ind1="0" ind2=" " tag="362"><subfield code="a">Vol. 7, no. 2358 (Oct. 11, 1855)-v. 21, no. 6546 (Aug. 27, 1868).</subfield></datafield><datafield ind1=" " ind2=" " tag="500"><subfield code="a">Publishers: Ruddock &amp; Tibbits, 1866-1868.</subfield></datafield><datafield ind1=" " ind2=" " tag="515"><subfield code="a">Published a morning edition in 1865.</subfield></datafield><datafield ind1=" " ind2=" " tag="530"><subfield code="a">Available on microfilm from Library of Congress, Photoduplication Service.</subfield></datafield><datafield ind1=" " ind2=" " tag="530"><subfield code="a">Also issued on microfilm from Connecticut State Library, Hartford, Conn.</subfield></datafield><datafield ind1=" " ind2=" " tag="580"><subfield code="a">Weekly eds.: Weekly Democrat (New London, Conn.), 1855-&lt;Feb. 7, 1857&gt;, and: New London Democrat (New London, Conn.), &lt;Feb. 8, 1862&gt;-1868.</subfield></datafield><datafield ind1=" " ind2="0" tag="651"><subfield code="a">New London (Conn.)</subfield><subfield code="v">Newspapers.</subfield></datafield><datafield ind1=" " ind2="0" tag="651"><subfield code="a">New London County (Conn.)</subfield><subfield code="v">Newspapers.</subfield></datafield><datafield ind1=" " ind2="7" tag="655"><subfield code="a">Newspapers.</subfield><subfield code="2">fast</subfield><subfield code="0">(OCoLC)fst01423814</subfield></datafield><datafield ind1=" " ind2="7" tag="651"><subfield code="a">Connecticut</subfield><subfield code="z">New London.</subfield><subfield code="2">fast</subfield><subfield code="0">(OCoLC)fst01205494</subfield></datafield><datafield ind1=" " ind2="7" tag="651"><subfield code="a">Connecticut</subfield><subfield code="z">New London County.</subfield><subfield code="2">fast</subfield><subfield code="0">(OCoLC)fst01221053</subfield></datafield><datafield ind1=" " ind2=" " tag="752"><subfield code="a">United States</subfield><subfield code="b">Connecticut</subfield><subfield code="c">New London</subfield><subfield code="d">New London.</subfield></datafield><datafield ind1="1" ind2=" " tag="775"><subfield code="t">Weekly Democrat (New London, Conn.)</subfield><subfield code="w">(DLC)sn 82006805</subfield><subfield code="w">(OCoLC)8776714</subfield></datafield><datafield ind1="1" ind2=" " tag="775"><subfield code="t">New London Democrat (New London, Conn. : 1861)</subfield><subfield code="w">(DLC)sn 84023040</subfield><subfield code="w">(OCoLC)10708329</subfield></datafield><datafield ind1="0" ind2="0" tag="780"><subfield code="t">Daily star (New London, Conn. : 1851)</subfield><subfield code="w">(DLC)sn 84023027</subfield><subfield code="w">(OCoLC)10707344</subfield></datafield><datafield ind1="0" ind2="0" tag="785"><subfield code="t">Daily star (New London, Conn. : 1868)</subfield><subfield code="w">(DLC)sn 84023028</subfield><subfield code="w">(OCoLC)10707445</subfield></datafield></record>